@MastersThesis{staatsex,
 author = {Volker Bündge},
 title = {Magnetisches Quenching des Positroniums},
 school = {Fakultät für Physik, Universität Freiburg},
 year = {1975},
 OPTkey = {},
 OPTtype = {},
 OPTaddress = {},
 month = {Juli},
 OPTnote = {},
 OPTannote = {},
 OPTurl = {},
 OPTurldate = {},
 OPTlastchecked = {},
 OPTdoi = {},
 OPTissn = {},
 OPTlocalfile = {},
 OPTabstract = {},
 OPTkeywords = {},
}

@Manual{versuchsanleitung,
 title = {Versuchsanleitung Positronium},
 OPTkey = {},
 author = {D. Kaschek},
 organization = {Physikalisches Institut},
 address = {Universität Freiburg},
 OPTedition = {},
 month = {August},
 year = {2009},
 OPTnote = {},
 OPTannote = {},
 OPTurl = {},
 OPTurldate = {},
 OPTlastchecked = {},
 OPTdoi = {},
 OPTisbn = {},
 OPTissn = {},
 OPTlocalfile = {},
 OPTabstract = {},
 OPTkeywords = {},
}

@BOOK{Demtroeder3, 
title={Experimentalphysik 3: Atome, Moleküle und Festkörper (Springer-Lehrbuch)},
author={Wolfgang Demtröder},
publisher={Springer, Berlin},
year={2010},
month={3},
edition={4., überarbeitete Auflage.},
isbn={9783642039102},
totalpages={672},
timestamp={2011.03.25},
}
