@Unpublished{lena_christian,
 author = {Appelt, Lena and Majenz, Christian},
 title = {Gespräche über Prozessschritte im Holographieversuch},
 note = {},
 OPTkey = {},
 OPTmonth = {März},
 OPTyear = {2011},
 OPTannote = {},
 OPTurl = {},
 OPTurldate = {},
 OPTlastchecked = {},
 OPTdoi = {},
 OPTisbn = {},
 OPTissn = {},
 OPTlocalfile = {},
 OPTabstract = {},
 OPTkeywords = {},
}

@MastersThesis{staatsex,
 author = {Stefan Unmüßig},
 title = {Ein Versuch zur holographischen Interferometrie},
 school = {Fakultät für Physik, Universität Freiburg},
 year = {1995},
 OPTkey = {},
 OPTtype = {},
 OPTaddress = {},
 OPTmonth = {},
 OPTnote = {},
 OPTannote = {},
 OPTurl = {},
 OPTurldate = {},
 OPTlastchecked = {},
 OPTdoi = {},
 OPTissn = {},
 OPTlocalfile = {},
 OPTabstract = {},
 OPTkeywords = {},
}

@Manual{versuchsanleitung,
 title = {Versuchsanleitung Holographie},
 OPTkey = {},
 OPTauthor = {Markus Köhli},
 OPTorganization = {Physikalisches Institut, Universität Freiburg},
 OPTaddress = {},
 OPTedition = {},
 OPTmonth = {Februar},
 OPTyear = {2011},
 OPTnote = {},
 OPTannote = {},
 OPTurl = {},
 OPTurldate = {},
 OPTlastchecked = {},
 OPTdoi = {},
 OPTisbn = {},
 OPTissn = {},
 OPTlocalfile = {},
 OPTabstract = {},
 OPTkeywords = {},
}

@Manual{fourier,
 title = {Versuchsanleitung Fourieroptik},
 OPTkey = {},
 OPTauthor = {A. Bamberger},
 OPTorganization = {Physikalisches Institut, Universität Freiburg},
 OPTaddress = {},
 OPTedition = {},
 OPTmonth = {Februar},
 OPTyear = {1996},
 OPTnote = {},
 OPTannote = {},
 OPTurl = {},
 OPTurldate = {},
 OPTlastchecked = {},
 OPTdoi = {},
 OPTisbn = {},
 OPTissn = {},
 OPTlocalfile = {},
 OPTabstract = {},
 OPTkeywords = {},
}

@BOOK{Demtröder200812, 
title={Experimentalphysik 2: Elektrizität und Optik (Springer-Lehrbuch)},
author={Wolfgang Demtröder},
publisher={Springer, Berlin},
year={2008},
month={12},
edition={5., überarb. u. erw. Aufl.},
isbn={9783540682103},
url={http://amazon.de/o/ASIN/3540682104/},
price={EUR 39,95},
totalpages={515},
timestamp={2011.03.25},
}